{
  "leader": "02610cam a2200517 i 4500",
  "fields": [
    {
      "001": "ocm00073558\\"
    },
    {
      "003": "OCoLC"
    },
    {
      "005": "20220630173113.0"
    },
    {
      "008": "700525s1970\\\\\\\\nyu\\\\\\\\\\\\b\\\\\\\\001\\0\\eng\\\\"
    },
    {
      "010": {
        "ind1": "\\",
        "ind2": "\\",
        "subfields": [
          {
            "a": "   70111327 "
          }
        ]
      }
    },
    {
      "040": {
        "ind1": "\\",
        "ind2": "\\",
        "subfields": [
          {
            "a": "DLC"
          },
          {
            "b": "eng"
          },
          {
            "c": "DLC"
          },
          {
            "d": "UKM"
          },
          {
            "d": "BAKER"
          },
          {
            "d": "NLGGC"
          },
          {
            "d": "NLM"
          },
          {
            "d": "BTCTA"
          },
          {
            "d": "YDXCP"
          },
          {
            "d": "DEBBG"
          },
          {
            "d": "UKMGB"
          },
          {
            "d": "BDX"
          },
          {
            "d": "EMT"
          },
          {
            "d": "OCLCF"
          },
          {
            "d": "OCLCQ"
          },
          {
            "d": "UEJ"
          },
          {
            "d": "OCLCQ"
          },
          {
            "d": "AQ3"
          },
          {
            "d": "NLC"
          },
          {
            "d": "OCLCO"
          },
          {
            "d": "OCLCA"
          },
          {
            "d": "OCLCQ"
          },
          {
            "d": "V5E"
          },
          {
            "d": "CEF"
          },
          {
            "d": "TKN"
          },
          {
            "d": "GILDS"
          },
          {
            "d": "CSO"
          },
          {
            "d": "CNO"
          },
          {
            "d": "CSA"
          },
          {
            "d": "TYC"
          },
          {
            "d": "HCO"
          },
          {
            "d": "XFF"
          },
          {
            "d": "FQG"
          },
          {
            "d": "LHU"
          },
          {
            "d": "OCLCQ"
          },
          {
            "d": "PAU"
          },
          {
            "d": "CPO"
          },
          {
            "d": "NAM"
          },
          {
            "d": "CAI"
          },
          {
            "d": "SNN"
          },
          {
            "d": "NJR"
          },
          {
            "d": "INT"
          },
          {
            "d": "JDP"
          },
          {
            "d": "EUM"
          },
          {
            "d": "KNM"
          },
          {
            "d": "E@W"
          },
          {
            "d": "UAB"
          },
          {
            "d": "WYU"
          },
          {
            "d": "EUQ"
          },
          {
            "d": "DXU"
          },
          {
            "d": "UWO"
          },
          {
            "d": "YOU"
          },
          {
            "d": "NZ1"
          },
          {
            "d": "DCHUA"
          },
          {
            "d": "CANPU"
          },
          {
            "d": "RIOSL"
          },
          {
            "d": "CWI"
          },
          {
            "d": "OCLCQ"
          },
          {
            "d": "EZC"
          },
          {
            "d": "LGG"
          },
          {
            "d": "OCLCQ"
          },
          {
            "d": "J9U"
          },
          {
            "d": "QE2"
          },
          {
            "d": "UWW"
          },
          {
            "d": "W2U"
          },
          {
            "d": "CBA"
          },
          {
            "d": "DKC"
          },
          {
            "d": "MBB"
          },
          {
            "d": "OCLCQ"
          },
          {
            "d": "WURST"
          },
          {
            "d": "CAOXN"
          },
          {
            "d": "IL4J6"
          },
          {
            "d": "OCLCO"
          },
          {
            "d": "AGL"
          },
          {
            "d": "OCLCO"
          }
        ]
      }
    },
    {
      "015": {
        "ind1": "\\",
        "ind2": "\\",
        "subfields": [
          {
            "a": "GB7025988"
          },
          {
            "2": "bnb"
          }
        ]
      }
    },
    {
      "016": {
        "ind1": "\\",
        "ind2": "\\",
        "subfields": [
          {
            "a": "(AMICUS)000001942898"
          }
        ]
      }
    },
    {
      "016": {
        "ind1": "7",
        "ind2": "\\",
        "subfields": [
          {
            "a": "0262625"
          },
          {
            "2": "DNLM"
          }
        ]
      }
    },
    {
      "016": {
        "ind1": "7",
        "ind2": "\\",
        "subfields": [
          {
            "a": "008929119"
          },
          {
            "2": "Uk"
          }
        ]
      }
    },
    {
      "016": {
        "ind1": "7",
        "ind2": "\\",
        "subfields": [
          {
            "a": "000991901"
          },
          {
            "2": "Uk"
          }
        ]
      }
    },
    {
      "019": {
        "ind1": "\\",
        "ind2": "\\",
        "subfields": [
          {
            "a": "976976503"
          },
          {
            "a": "1011761630"
          },
          {
            "a": "1019225180"
          },
          {
            "a": "1020222002"
          },
          {
            "a": "1035410903"
          },
          {
            "a": "1064703455"
          },
          {
            "a": "1104812495"
          },
          {
            "a": "1175368239"
          },
          {
            "a": "1248392170"
          }
        ]
      }
    },
    {
      "020": {
        "ind1": "\\",
        "ind2": "\\",
        "subfields": [
          {
            "a": "0231031815"
          }
        ]
      }
    },
    {
      "020": {
        "ind1": "\\",
        "ind2": "\\",
        "subfields": [
          {
            "a": "9780231031813"
          }
        ]
      }
    },
    {
      "035": {
        "ind1": "\\",
        "ind2": "\\",
        "subfields": [
          {
            "a": "(OCoLC)73558"
          },
          {
            "z": "(OCoLC)976976503"
          },
          {
            "z": "(OCoLC)1011761630"
          },
          {
            "z": "(OCoLC)1019225180"
          },
          {
            "z": "(OCoLC)1020222002"
          },
          {
            "z": "(OCoLC)1035410903"
          },
          {
            "z": "(OCoLC)1064703455"
          },
          {
            "z": "(OCoLC)1104812495"
          },
          {
            "z": "(OCoLC)1175368239"
          },
          {
            "z": "(OCoLC)1248392170"
          }
        ]
      }
    },
    {
      "050": {
        "ind1": "0",
        "ind2": "0",
        "subfields": [
          {
            "a": "Q125"
          },
          {
            "b": ".D814"
          }
        ]
      }
    },
    {
      "060": {
        "ind1": "0",
        "ind2": "0",
        "subfields": [
          {
            "a": "Q 175"
          },
          {
            "b": "D817r 1970"
          }
        ]
      }
    },
    {
      "070": {
        "ind1": "\\",
        "ind2": "\\",
        "subfields": [
          {
            "a": "Q125.D8"
          }
        ]
      }
    },
    {
      "080": {
        "ind1": "\\",
        "ind2": "\\",
        "subfields": [
          {
            "a": "5:008"
          },
          {
            "b": "D817"
          }
        ]
      }
    },
    {
      "082": {
        "ind1": "0",
        "ind2": "0",
        "subfields": [
          {
            "a": "500"
          },
          {
            "b": "DUB"
          }
        ]
      }
    },
    {
      "100": {
        "ind1": "1",
        "ind2": "\\",
        "subfields": [
          {
            "a": "Dubos, Rene\u0301 J."
          },
          {
            "q": "(Rene\u0301 Jules),"
          },
          {
            "d": "1901-1982."
          }
        ]
      }
    },
    {
      "245": {
        "ind1": "1",
        "ind2": "0",
        "subfields": [
          {
            "a": "Reason awake :"
          },
          {
            "b": "science for man /"
          },
          {
            "c": "[by] Rene\u0301 Dubos."
          }
        ]
      }
    },
    {
      "260": {
        "ind1": "\\",
        "ind2": "\\",
        "subfields": [
          {
            "a": "New York :"
          },
          {
            "b": "Columbia University Press,"
          },
          {
            "c": "1970."
          }
        ]
      }
    },
    {
      "300": {
        "ind1": "\\",
        "ind2": "\\",
        "subfields": [
          {
            "a": "xviii, 280 pages ;"
          },
          {
            "c": "22 cm"
          }
        ]
      }
    },
    {
      "336": {
        "ind1": "\\",
        "ind2": "\\",
        "subfields": [
          {
            "a": "text"
          },
          {
            "b": "txt"
          },
          {
            "2": "rdacontent"
          }
        ]
      }
    },
    {
      "337": {
        "ind1": "\\",
        "ind2": "\\",
        "subfields": [
          {
            "a": "unmediated"
          },
          {
            "b": "n"
          },
          {
            "2": "rdamedia"
          }
        ]
      }
    },
    {
      "338": {
        "ind1": "\\",
        "ind2": "\\",
        "subfields": [
          {
            "a": "volume"
          },
          {
            "b": "nc"
          },
          {
            "2": "rdacarrier"
          }
        ]
      }
    },
    {
      "500": {
        "ind1": "\\",
        "ind2": "\\",
        "subfields": [
          {
            "a": "Sponsored by the Institute for the Study of Science in Human Affairs, Columbia University."
          }
        ]
      }
    },
    {
      "504": {
        "ind1": "\\",
        "ind2": "\\",
        "subfields": [
          {
            "a": "Includes bibliographical references (pages 261-273)."
          }
        ]
      }
    },
    {
      "505": {
        "ind1": "0",
        "ind2": "\\",
        "subfields": [
          {
            "a": "1. The Despairing Optimist -- 2. Natural Philosophers, Inventors, and Scientists -- 3. Visions of Disenchantment -- 4. Scientist and Society -- 5. Scientific Civilization -- 6. The Willed Future."
          }
        ]
      }
    },
    {
      "650": {
        "ind1": "\\",
        "ind2": "0",
        "subfields": [
          {
            "a": "Science and civilization."
          }
        ]
      }
    },
    {
      "650": {
        "ind1": "\\",
        "ind2": "0",
        "subfields": [
          {
            "a": "Philosophy."
          }
        ]
      }
    },
    {
      "650": {
        "ind1": "\\",
        "ind2": "0",
        "subfields": [
          {
            "a": "Science."
          }
        ]
      }
    },
    {
      "650": {
        "ind1": "\\",
        "ind2": "2",
        "subfields": [
          {
            "a": "Philosophy"
          }
        ]
      }
    },
    {
      "650": {
        "ind1": "\\",
        "ind2": "2",
        "subfields": [
          {
            "a": "Science"
          }
        ]
      }
    },
    {
      "650": {
        "ind1": "\\",
        "ind2": "7",
        "subfields": [
          {
            "a": "Science and civilization."
          },
          {
            "2": "fast"
          },
          {
            "0": "(OCoLC)fst01108517"
          }
        ]
      }
    },
    {
      "710": {
        "ind1": "2",
        "ind2": "\\",
        "subfields": [
          {
            "a": "Columbia University."
          },
          {
            "b": "Institute for the Study of Science in Human Affairs."
          }
        ]
      }
    },
    {
      "776": {
        "ind1": "0",
        "ind2": "8",
        "subfields": [
          {
            "i": "Online version:"
          },
          {
            "a": "Dubos, Rene\u0301 J. (Rene\u0301 Jules), 1901-1982."
          },
          {
            "t": "Reason awake."
          },
          {
            "d": "New York, Columbia University Press, 1970"
          },
          {
            "w": "(OCoLC)768016473"
          }
        ]
      }
    },
    {
      "994": {
        "ind1": "\\",
        "ind2": "\\",
        "subfields": [
          {
            "a": "Z0"
          },
          {
            "b": "NYRVC"
          }
        ]
      }
    },
    {
      "948": {
        "ind1": "\\",
        "ind2": "\\",
        "subfields": [
          {
            "h": "NO HOLDINGS IN NYRVC - 1065 OTHER HOLDINGS"
          }
        ]
      }
    },
    {
      "999": {
        "ind1": "\\",
        "ind2": "\\",
        "subfields": [
          {
            "a": "00000000019589"
          }
        ]
      }
    }
  ]
}